<?xml version="1.0" encoding="UTF-8"?><collection xmlns="http://www.loc.gov/MARC21/slim"><record><leader>00435nam--2200133-i-4500</leader><controlfield tag="001">000012636</controlfield><controlfield tag="002">20161230</controlfield><controlfield tag="005">20161230201029</controlfield><controlfield tag="008">060222s1000------------r-----000-0-eng-d</controlfield><datafield ind1=" " ind2=" " tag="245"><subfield code="a">Digital filters and the fast fourier transform</subfield></datafield><datafield ind1=" " ind2=" " tag="260"><subfield code="a">Stroudsburg, Dowden, Hutchinson And Ross, 1975</subfield></datafield><datafield ind1=" " ind2=" " tag="490"><subfield code="a">Benchmark Papers In Electrical Engineering And Computer Science/12. A Benchmark  Books Series</subfield></datafield><datafield ind1=" " ind2=" " tag="700"><subfield code="a">Liu, Bede</subfield></datafield><datafield ind1=" " ind2=" " tag="852"><subfield code="a">517.443</subfield></datafield></record></collection>